@misc{W3C_docs,
  author = "W3C",
  title = "{D}okumentacja {CSS} {G}rid {L}ayout",
  note = "[Online]. Dostępny: \url{https://www.w3.org/TR/css-grid-1/}\EatDot"
}

@misc{jQuery_docs,
  title = "j{Q}uery {A}{P}{I} {D}ocumentation",
  note = "[Online]. Dostępny: \url{http://api.jquery.com/}\EatDot"
}

@misc{w3schools,
  title = "W3{S}chools {O}nline {W}eb {T}utorials",
  note = "[Online]. Dostępny: \url{https://www.w3schools.com/}\EatDot"
}

@misc{Mozilla_docs,
  author = "Mozilla",
  title = "{D}okumentacja {CSS} {G}rid {L}ayout",
  note = "[Online]. Dostępny: \url{https://developer.mozilla.org/en-US/docs/Web/CSS/CSS_Grid_Layout}\EatDot"
}

@manual{css-tricks,
  author = "Chris House",
  title = "A {C}omplete {G}uide to {G}rid",
  note = "[Online]. Dostępny: \url{https://css-tricks.com/snippets/css/complete-guide-grid/}\EatDot"
}

@book{Cormen,
  title = "Wprowadzenie do algorytmów",
  author = "Thomas Cormen and Charles Leiserson and Ronald Rivest and Clifford Stein",
  publisher = "WNT",
  year = "2004"
}

@book{Frain,
  title = "Responsive Web Design. Projektowanie elastycznych witryn w HTML5 i CSS3",
  author = "Ben Frain",
  publisher = "Helion",
  year = "2016"
}

% https://cs.pwr.edu.pl/cichon/Opus5/CiGeZa2017.pdf